@Inbook{Danielsson2012,
author="Danielsson, Nils Anders",
editor="Beringer, Lennart
and Felty, Amy",
title="Bag Equivalence via a Proof-Relevant Membership Relation",
bookTitle="Interactive Theorem Proving: Third International Conference, ITP 2012, Princeton, NJ, USA, August 13-15, 2012. Proceedings",
year="2012",
publisher="Springer Berlin Heidelberg",
address="Berlin, Heidelberg",
pages="149--165",
isbn="978-3-642-32347-8",
doi="10.1007/978-3-642-32347-8_11",
url="http://dx.doi.org/10.1007/978-3-642-32347-8_11"
}
@Inbook{McBride2016,
author="McBride, Conor",
editor="Lindley, Sam
and McBride, Conor
and Trinder, Phil
and Sannella, Don",
title="I Got Plenty o' Nuttin'",
bookTitle="A List of Successes That Can Change the World: Essays Dedicated to Philip Wadler on the Occasion of His 60th Birthday",
year="2016",
publisher="Springer International Publishing",
pages="207--233",
isbn="978-3-319-30936-1",
doi="10.1007/978-3-319-30936-1_12",
url="http://dx.doi.org/10.1007/978-3-319-30936-1_12"
}
@Inbook{Altenkirch1999,
author="Altenkirch, Thorsten
and Reus, Bernhard",
editor="Flum, J{\"o}rg
and Rodriguez-Artalejo, Mario",
title="Monadic Presentations of Lambda Terms Using Generalized Inductive Types",
bookTitle="Computer Science Logic: 13th International Workshop, CSL'99 8th Annual Conference of the EACSL Madrid, Spain, September 20--25, 1999 Proceedings",
year="1999",
publisher="Springer Berlin Heidelberg",
address="Berlin, Heidelberg",
pages="453--468",
isbn="978-3-540-48168-3",
doi="10.1007/3-540-48168-0_32",
url="http://dx.doi.org/10.1007/3-540-48168-0_32"
}
@article{Pierce:2000:LTI:345099.345100,
 author = {Pierce, Benjamin C. and Turner, David N.},
 title = {Local Type Inference},
 journal = {ACM Trans. Program. Lang. Syst.},
 issue_date = {Jan. 2000},
 volume = {22},
 number = {1},
 month = jan,
 year = {2000},
 issn = {0164-0925},
 pages = {1--44},
 numpages = {44},
 url = {http://doi.acm.org/10.1145/345099.345100},
 doi = {10.1145/345099.345100},
 acmid = {345100},
 publisher = {ACM},
 address = {New York, NY, USA},
 keywords = {polymorphism, subtyping, type inference},
} 
